<?xml version="1.0" encoding="UTF-8"?>
<OAI-PMH xmlns="http://www.openarchives.org/OAI/2.0/" xmlns:xsi="http://www.w3.org/2001/XMLSchema-instance" xsi:schemaLocation="http://www.openarchives.org/OAI/2.0/ http://www.openarchives.org/OAI/2.0/OAI-PMH.xsd">
  <ListRecords>
    <record>
      <header>
        <identifier>aleph-publish:022352140</identifier>
      </header>
      <metadata>
        <record xmlns="http://www.ddb.de/professionell/mabxml/mabxml-1.xsd">
          <leader>00000nM2.01200024------h</leader>
          <controlfield tag="LDR">00000nM2.01200024------h</controlfield>
          <controlfield tag="FMT">MH</controlfield>
          <datafield tag="001" ind1="-" ind2="1">
            <subfield code="a">HT019631849</subfield>
          </datafield>
          <datafield tag="002" ind1="a" ind2="1">
            <subfield code="a">20180322</subfield>
          </datafield>
          <datafield tag="003" ind1="-" ind2="1">
            <subfield code="a">20200903</subfield>
          </datafield>
          <datafield tag="020" ind1="-" ind2="1">
            <subfield code="a">ELiSA-9783836263702</subfield>
            <subfield code="b">ELiSA</subfield>
          </datafield>
          <datafield tag="025" ind1="o" ind2="1">
            <subfield code="a">1028021052</subfield>
          </datafield>
          <datafield tag="025" ind1="a" ind2="1">
            <subfield code="a">1153355973</subfield>
          </datafield>
          <datafield tag="026" ind1="-" ind2="1">
            <subfield code="a">DNB1153355973</subfield>
          </datafield>
          <controlfield tag="030">a||ur||||||17</controlfield>
          <datafield tag="036" ind1="a" ind2="1">
            <subfield code="a">XA-DE-NW</subfield>
          </datafield>
          <datafield tag="037" ind1="b" ind2="1">
            <subfield code="a">ger</subfield>
          </datafield>
          <controlfield tag="050">a|a|||||||||||</controlfield>
          <controlfield tag="051">m|||||||</controlfield>
          <datafield tag="060" ind1="-" ind2="1">
            <subfield code="b">txt</subfield>
            <subfield code="a">Text</subfield>
          </datafield>
          <datafield tag="061" ind1="-" ind2="1">
            <subfield code="b">n</subfield>
            <subfield code="a">ohne Hilfsmittel zu benutzen</subfield>
          </datafield>
          <datafield tag="062" ind1="-" ind2="1">
            <subfield code="b">nc</subfield>
            <subfield code="a">Band</subfield>
          </datafield>
          <datafield tag="070" ind1="-" ind2="1">
            <subfield code="a">6</subfield>
          </datafield>
          <datafield tag="070" ind1="b" ind2="1">
            <subfield code="a">466</subfield>
          </datafield>
          <datafield tag="080" ind1="-" ind2="1">
            <subfield code="a">60</subfield>
          </datafield>
          <datafield tag="100" ind1="-" ind2="1">
            <subfield code="p">Theis, Thomas</subfield>
            <subfield code="d">1960-</subfield>
            <subfield code="9">(DE-588)13698925X</subfield>
          </datafield>
          <datafield tag="101" ind1="-" ind2="1">
            <subfield code="p">Theis, Thomas-Michael</subfield>
            <subfield code="d">1960-</subfield>
          </datafield>
          <datafield tag="331" ind1="-" ind2="1">
            <subfield code="a">Einstieg in JavaScript</subfield>
          </datafield>
          <datafield tag="359" ind1="-" ind2="1">
            <subfield code="a">Thomas Theis</subfield>
          </datafield>
          <datafield tag="403" ind1="-" ind2="1">
            <subfield code="a">3., aktualisierte Auflage</subfield>
          </datafield>
          <datafield tag="419" ind1="-" ind2="1">
            <subfield code="a">Bonn</subfield>
            <subfield code="b">Rheinwerk Verlag</subfield>
            <subfield code="c">2018</subfield>
          </datafield>
          <datafield tag="425" ind1="a" ind2="1">
            <subfield code="a">2018</subfield>
          </datafield>
          <datafield tag="433" ind1="-" ind2="1">
            <subfield code="a">514 Seiten</subfield>
          </datafield>
          <datafield tag="434" ind1="-" ind2="1">
            <subfield code="a">Illustrationen, Diagramme</subfield>
          </datafield>
          <datafield tag="451" ind1="b" ind2="1">
            <subfield code="a">Rheinwerk computing</subfield>
          </datafield>
          <datafield tag="461" ind1="b" ind2="1">
            <subfield code="a">Programmierung/JavaScript</subfield>
          </datafield>
          <datafield tag="501" ind1="-" ind2="1">
            <subfield code="p">Auf dem Cover</subfield>
            <subfield code="a">Inkl. jQuery; Web-Programmierung leicht gemacht; Dynamische Webanwendungen entwickeln, auch für mobile Geräte; Programmiergrundlagen, DOM, CSS, HTML5, Ajax, Onsen UI; mit zahlreichen Beispielprogrammen und Projektvorlagen: Alle beispielprojekte zum Donload</subfield>
          </datafield>
          <datafield tag="540" ind1="a" ind2="1">
            <subfield code="a">978-3-8362-6370-2</subfield>
            <subfield code="b">EUR 29.90 (DE), EUR 30.80 (AT), CHF 38.90 (freier Preis)</subfield>
          </datafield>
          <datafield tag="540" ind1="a" ind2="1">
            <subfield code="a">3-8362-6370-X</subfield>
          </datafield>
          <datafield tag="551" ind1="a" ind2="1">
            <subfield code="a">Bestellnummer: 459/06370</subfield>
          </datafield>
          <datafield tag="553" ind1="a" ind2="1">
            <subfield code="a">9783836263702</subfield>
          </datafield>
          <datafield tag="574" ind1="-" ind2="1">
            <subfield code="a">18,N10</subfield>
          </datafield>
          <datafield tag="655" ind1="e" ind2="1">
            <subfield code="m">X:MVB</subfield>
            <subfield code="q">text/html</subfield>
            <subfield code="u">http://deposit.dnb.de/cgi-bin/dokserv?id=c575d80bb6cd4fbbbe8bf63f61eceae9&amp;prov=M&amp;dok_var=1&amp;dok_ext=htm</subfield>
            <subfield code="3">Inhaltstext</subfield>
            <subfield code="A">2</subfield>
          </datafield>
          <datafield tag="655" ind1="e" ind2="1">
            <subfield code="m">B:DE-101</subfield>
            <subfield code="q">application/pdf</subfield>
            <subfield code="u">http://digitale-objekte.hbz-nrw.de/storage2/2018/06/21/file_26/7972761.pdf</subfield>
            <subfield code="3">Inhaltsverzeichnis</subfield>
            <subfield code="A">2</subfield>
          </datafield>
          <datafield tag="677" ind1="-" ind2="1">
            <subfield code="k">Galileo Press</subfield>
            <subfield code="9">(DE-588)1065964404</subfield>
            <subfield code="4">pbl</subfield>
            <subfield code="3">Verlag</subfield>
          </datafield>
          <datafield tag="700" ind1="-" ind2="1">
            <subfield code="a">004</subfield>
            <subfield code="2">DNB</subfield>
          </datafield>
          <datafield tag="700" ind1="b" ind2="1">
            <subfield code="a">004</subfield>
            <subfield code="c">23sdnb</subfield>
          </datafield>
          <datafield tag="720" ind1="-" ind2="1">
            <subfield code="a">jQuery</subfield>
          </datafield>
          <datafield tag="720" ind1="-" ind2="1">
            <subfield code="a">HTML5</subfield>
          </datafield>
          <datafield tag="720" ind1="-" ind2="1">
            <subfield code="a">CSS3</subfield>
          </datafield>
          <datafield tag="720" ind1="-" ind2="1">
            <subfield code="a">Ajax</subfield>
          </datafield>
          <datafield tag="720" ind1="-" ind2="1">
            <subfield code="a">XML</subfield>
          </datafield>
          <datafield tag="720" ind1="-" ind2="1">
            <subfield code="a">jQuery mobile</subfield>
          </datafield>
          <datafield tag="720" ind1="-" ind2="1">
            <subfield code="a">Browserkompatibilität</subfield>
          </datafield>
          <datafield tag="720" ind1="-" ind2="1">
            <subfield code="a">JSON</subfield>
          </datafield>
          <datafield tag="720" ind1="-" ind2="1">
            <subfield code="a">Formulare</subfield>
          </datafield>
          <datafield tag="720" ind1="-" ind2="1">
            <subfield code="a">iFrames</subfield>
          </datafield>
          <datafield tag="720" ind1="-" ind2="1">
            <subfield code="a">Web-Apps</subfield>
          </datafield>
          <datafield tag="720" ind1="-" ind2="1">
            <subfield code="a">JavaScript Frameworks</subfield>
          </datafield>
          <datafield tag="720" ind1="-" ind2="1">
            <subfield code="a">Responsive Webdesign</subfield>
          </datafield>
          <datafield tag="902" ind1="-" ind2="1">
            <subfield code="s">JavaScript</subfield>
            <subfield code="9">(DE-588)4420180-1</subfield>
          </datafield>
          <controlfield tag="SYS">022352140</controlfield>
          <datafield tag="LOW" ind1="-" ind2="1">
            <subfield code="a">Q0001</subfield>
          </datafield>
          <datafield tag="LOW" ind1="-" ind2="1">
            <subfield code="a">K0001</subfield>
          </datafield>
          <datafield tag="LOW" ind1="-" ind2="1">
            <subfield code="a">L5001</subfield>
          </datafield>
          <datafield tag="088" ind1=" " ind2=" ">
            <subfield code="a">5</subfield>
            <subfield code="b">00000000</subfield>
            <subfield code="c">P 2018/1480</subfield>
            <subfield code="e">ILL Ausleihe</subfield>
          </datafield>
          <datafield tag="088" ind1=" " ind2=" ">
            <subfield code="a">38</subfield>
            <subfield code="b">00000001</subfield>
            <subfield code="c">44A6297</subfield>
            <subfield code="e">ILL Ausleihe</subfield>
          </datafield>
          <datafield tag="088" ind1=" " ind2=" ">
            <subfield code="a">743</subfield>
            <subfield code="b">00010000</subfield>
            <subfield code="c">TYD398(3)</subfield>
            <subfield code="e">ILL Ausleihe</subfield>
          </datafield>
          <datafield tag="088" ind1=" " ind2=" ">
            <subfield code="a">466</subfield>
            <subfield code="c">TWP22152(3)+1</subfield>
            <subfield code="e">keine Angabe</subfield>
          </datafield>
          <datafield tag="088" ind1=" " ind2=" ">
            <subfield code="a">466</subfield>
            <subfield code="c">TWP22152(3)</subfield>
            <subfield code="e">keine Angabe</subfield>
          </datafield>
          <datafield tag="088" ind1=" " ind2=" ">
            <subfield code="a">465</subfield>
            <subfield code="b">E33</subfield>
            <subfield code="c">TYB1129(3)</subfield>
            <subfield code="e">Ausleihbestand</subfield>
          </datafield>
          <datafield tag="088" ind1=" " ind2=" ">
            <subfield code="a">Hag 4/2</subfield>
            <subfield code="c">M/P-Tgm34 4:3A</subfield>
            <subfield code="e">keine Angabe</subfield>
          </datafield>
          <datafield tag="088" ind1=" " ind2=" ">
            <subfield code="a">Dm 13</subfield>
            <subfield code="c">TYD 1608(3)</subfield>
            <subfield code="e">keine Angabe</subfield>
          </datafield>
          <datafield tag="088" ind1=" " ind2=" ">
            <subfield code="a">1044</subfield>
            <subfield code="c">11 = TYD10534(3)+1</subfield>
            <subfield code="e">keine Angabe</subfield>
          </datafield>
          <datafield tag="088" ind1=" " ind2=" ">
            <subfield code="a">1044</subfield>
            <subfield code="c">11 = TYD10534(3)+2</subfield>
            <subfield code="e">keine Angabe</subfield>
          </datafield>
          <datafield tag="088" ind1=" " ind2=" ">
            <subfield code="a">1044</subfield>
            <subfield code="c">11 = TYD10534(3)</subfield>
            <subfield code="e">keine Angabe</subfield>
          </datafield>
          <datafield tag="088" ind1=" " ind2=" ">
            <subfield code="a">1044</subfield>
            <subfield code="c">21 = TYD10534(3)+3</subfield>
            <subfield code="e">keine Angabe</subfield>
          </datafield>
          <datafield tag="088" ind1=" " ind2=" ">
            <subfield code="a">Hag 4/2</subfield>
            <subfield code="c">M/P-Tgm34 4:3</subfield>
            <subfield code="e">keine Angabe</subfield>
          </datafield>
          <datafield tag="088" ind1=" " ind2=" ">
            <subfield code="a">A 96</subfield>
            <subfield code="b">JUE_F</subfield>
            <subfield code="c">61 TYD 16(3)</subfield>
            <subfield code="e">ILL Kopie+Ausl.</subfield>
          </datafield>
          <datafield tag="088" ind1=" " ind2=" ">
            <subfield code="a">465</subfield>
            <subfield code="b">D05</subfield>
            <subfield code="c">TWP8474(3)</subfield>
            <subfield code="e">Ausleihbestand</subfield>
          </datafield>
          <datafield tag="088" ind1=" " ind2=" ">
            <subfield code="a">468</subfield>
            <subfield code="b">75</subfield>
            <subfield code="c">TYD6226(3)</subfield>
            <subfield code="e">ausleihbar</subfield>
          </datafield>
          <datafield tag="088" ind1=" " ind2=" ">
            <subfield code="a">465</subfield>
            <subfield code="b">D05</subfield>
            <subfield code="c">TWP8474(3)</subfield>
            <subfield code="e">Ausleihbestand</subfield>
          </datafield>
          <datafield tag="088" ind1=" " ind2=" ">
            <subfield code="a">6</subfield>
            <subfield code="c">033 5194#2</subfield>
            <subfield code="e">keine Angabe</subfield>
          </datafield>
          <datafield tag="088" ind1=" " ind2=" ">
            <subfield code="a">6</subfield>
            <subfield code="c">033 5194</subfield>
            <subfield code="e">keine Angabe</subfield>
          </datafield>
          <datafield tag="088" ind1=" " ind2=" ">
            <subfield code="a">290</subfield>
            <subfield code="b">F_ZB</subfield>
            <subfield code="c">Sn 35610/3</subfield>
            <subfield code="e">ILL Kopie+Ausl.</subfield>
          </datafield>
          <datafield tag="088" ind1=" " ind2=" ">
            <subfield code="a">465</subfield>
            <subfield code="b">D01</subfield>
            <subfield code="c">TWP8474(3)</subfield>
            <subfield code="e">Ausleihbestand</subfield>
          </datafield>
          <datafield tag="088" ind1=" " ind2=" ">
            <subfield code="a">465</subfield>
            <subfield code="b">E33</subfield>
            <subfield code="c">TYB1129(3)</subfield>
            <subfield code="e">Ausleihbestand</subfield>
          </datafield>
          <datafield tag="088" ind1=" " ind2=" ">
            <subfield code="a">465</subfield>
            <subfield code="b">D05</subfield>
            <subfield code="c">TWP8474(3)</subfield>
            <subfield code="e">Ausleihbestand</subfield>
          </datafield>
          <datafield tag="088" ind1=" " ind2=" ">
            <subfield code="a">465</subfield>
            <subfield code="b">E33</subfield>
            <subfield code="c">TYB1129(3)</subfield>
            <subfield code="e">Ausleihbestand</subfield>
          </datafield>
          <datafield tag="088" ind1=" " ind2=" ">
            <subfield code="a">465</subfield>
            <subfield code="b">E33</subfield>
            <subfield code="c">TYB1129(3)</subfield>
            <subfield code="e">Ausleihbestand</subfield>
          </datafield>
        </record>
      </metadata>
    </record>
  </ListRecords>
</OAI-PMH>
